%% This BibTeX bibliography file was created using BibDesk.
%% http://bibdesk.sourceforge.net/


%% Created for amenon at 2015-02-13 09:58:51 +1100


%% Saved with string encoding Unicode (UTF-8)
@article{linden2003amazon,
  title={Amazon. com recommendations: Item-to-item collaborative filtering},
  author={Linden, Greg and Smith, Brent and York, Jeremy},
  journal={Internet Computing, IEEE},
  volume={7},
  number={1},
  pages={76--80},
  year={2003},
  publisher={IEEE}
}

@inproceedings{mcnee2006being,
  title={Being accurate is not enough: how accuracy metrics have hurt recommender systems},
  author={McNee, Sean M and Riedl, John and Konstan, Joseph A},
  booktitle={CHI'06 extended abstracts on Human factors in computing systems},
  pages={1097--1101},
  year={2006},
  organization={ACM}
}

@article{adomavicius2005toward,
  title={Toward the next generation of recommender systems: A survey of the state-of-the-art and possible extensions},
  author={Adomavicius, Gediminas and Tuzhilin, Alexander},
  journal={Knowledge and Data Engineering, IEEE Transactions on},
  volume={17},
  number={6},
  pages={734--749},
  year={2005},
  publisher={IEEE}
}

@book{ricci2011introduction,
  title={Introduction to recommender systems handbook},
  author={Ricci, Francesco and Rokach, Lior and Shapira, Bracha},
  year={2011},
  publisher={Springer}
}

@inproceedings{sarwar2001item,
  title={Item-based collaborative filtering recommendation algorithms},
  author={Sarwar, Badrul and Karypis, George and Konstan, Joseph and Riedl, John},
  booktitle={Proceedings of the 10th international conference on World Wide Web},
  pages={285--295},
  year={2001},
  organization={ACM}
}

@article{koren2009matrix,
  title={Matrix factorization techniques for recommender systems},
  author={Koren, Yehuda and Bell, Robert and Volinsky, Chris},
  journal={Computer},
  number={8},
  pages={30--37},
  year={2009},
  publisher={IEEE}
}

@article{Zhang:2002,
year={2002},
issn={0885-6125},
journal={Machine Learning},
volume={46},
number={1-3},
title={On the Dual Formulation of Regularized Linear Systems with Convex Risks},
publisher={Kluwer Academic Publishers},
author={Zhang, Tong},
pages={91-129}
}

@book{Bishop:2006, place={Secaucus, NJ, USA}, title={Pattern Recognition and Machine Learning (Information Science and Statistics)}, ISBN={0387310738}, publisher={Springer-Verlag New York, Inc.}, author={Bishop, Christopher M}, year={2006}}

@MISC{Netflix:2006,
  author = { Netflix },
  title = { Netflix Prize },
  howpublished = { \url{http://www.netflixprize.com/} },
  year = { 2006 },
  owner = {Aditya Menon},
  timestamp = {2012.10.13}
}

@MASTERSTHESIS{Marlin:2004,
  author = {B. Marlin},
  title = {Collaborative Filtering: A machine learning perspective},
  school = {University of Toronto},
  year = {2004},
  type = {Masters Thesis}
}

@article{Leavitt:2013,
	Author = {Leavitt, Neal},
	Issn = {0018-9162},
	Journal = {Computer},
	Month = {March},
	Number = {3},
	Pages = {14-17},
	Title = {A Technology that Comes Highly Recommended},
	Volume = {46},
	Year = {2013}}

@inproceedings{Johnson:2014,
	Author = {Christopher C. Johnson},
	Booktitle = {NIPS 2014 Workshop on Distributed Machine Learning and Matrix Computations},
	Title = {Logistic Matrix Factorization for Implicit Feedback Data},
	Year = {2014}}

@inproceedings{Cremonesi:2010,
	Acmid = {1864721},
	Address = {New York, NY, USA},
	Author = {Cremonesi, Paolo and Koren, Yehuda and Turrin, Roberto},
	Booktitle = { ACM Conference on Recommender Systems (RecSys)},
	Date-Modified = {2015-02-12 22:56:31 +0000},
	Isbn = {978-1-60558-906-0},
	Location = {Barcelona, Spain},
	Numpages = {8},
	Pages = {39--46},
	Publisher = {ACM},
	Series = {RecSys '10},
	Title = {Performance of Recommender Algorithms on Top-$n$ Recommendation Tasks},
	Year = {2010}}

@article{Bennett:2007,
	Address = {New York, NY, USA},
	Author = {Bennett, James and Elkan, Charles and Liu, Bing and Smyth, Padhraic and Tikk, Domonkos},
	Issn = {1931-0145},
	Issue_Date = {December 2007},
	Journal = {SIGKDD Explorations Newsletter},
	Keywords = {KDD Cup, Netflix prize, collaborative filtering, recommendation},
	Month = dec,
	Number = {2},
	Numpages = {2},
	Pages = {51--52},
	Publisher = {ACM},
	Title = {{KDD} Cup and Workshop 2007},
	Volume = {9},
	Year = {2007}}

@article{Li:2014,
	Author = {Li, Yanen and Zhai, Cheng Xiang and Chen, Ye},
	Issn = {0219-1377},
	Journal = {Knowledge and Information Systems},
	Keywords = {Recommender systems; One-class collaborative filtering; Rich user information; Ensemble},
	Language = {English},
	Number = {2},
	Pages = {277-301},
	Publisher = {Springer London},
	Title = {Exploiting rich user information for one-class collaborative filtering},
	Volume = {38},
	Year = {2014}}

@inproceedings{Sindhwani:2010,
	Author = {Vikas Sindhwani and Serhat Selcuk Bucak and Jianying Hu and Aleksandra Mojsilovic},
	Booktitle = {{IEEE} International Conference on Data Mining ({ICDM})},
	Pages = {1055--1060},
	Title = {One-Class Matrix Completion with Low-Density Factorizations},
	Year = {2010}}

@inproceedings{Kubat:1997,
	Author = {Miroslav Kubat and Stan Matwin},
	Booktitle = { International Conference on Machine Learning (ICML)},
	Date-Modified = {2014-07-14 23:33:37 +0000},
	Title = {Addressing the Curse of Imbalanced Training Sets: One-Sided Selection},
	Year = {1997}}

@inproceedings{Elkan:2008,
	Acmid = {1401920},
	Address = {New York, NY, USA},
	Author = {Elkan, Charles and Noto, Keith},
	Booktitle = {KDD '08},
	Date-Modified = {2015-01-27 22:14:36 +0000},
	Isbn = {978-1-60558-193-4},
	Keywords = {bioinformatics, supervised learning, text mining, unlabeled examples},
	Location = {Las Vegas, Nevada, USA},
	Numpages = {8},
	Pages = {213--220},
	Publisher = {ACM},
	Title = {Learning Classifiers from Only Positive and Unlabeled Data},
	Year = {2008}}

@incollection{Denis:1998,
	Author = {Fran{\c{c}}ois Denis},
	Booktitle = {Algorithmic Learning Theory (ALT)},
	Date-Modified = {2015-01-27 22:21:05 +0000},
	Isbn = {978-3-540-65013-3},
	Language = {English},
	Pages = {112-126},
	Publisher = {Springer Berlin Heidelberg},
	Series = {Lecture Notes in Computer Science},
	Title = {{PAC} Learning from Positive Statistical Queries},
	Volume = {1501},
	Year = {1998}}

@book{Reinsel:1998,
	Author = {Gregory C. Reinsel and Raja Velu},
	Publisher = {Springer},
	Title = {{Multivariate Reduced-Rank Regression: Theory and Applications (Lecture Notes in Statistics)}},
	Year = {1998}}

@inproceedings{Yu:2005,
	Author = {Kai Yu and Voelker Tresp},
	Booktitle = {Neural Information Processing Systems Workshop on Inductive Transfer: 10 Years Later},
	Owner = {Aditya Menon},
	Timestamp = {2012.10.13},
	Title = {Learning to learn and collaborative filtering},
	Year = {2005}}

@inproceedings{Breese:1998,
	Acmid = {2074100},
	Address = {San Francisco, CA, USA},
	Author = {Breese, John S. and Heckerman, David and Kadie, Carl},
	Booktitle = { Conference on Uncertainty in Artificial Intelligence},
	Date-Modified = {2015-02-12 22:57:11 +0000},
	Isbn = {1-55860-555-X},
	Location = {Madison, Wisconsin},
	Numpages = {10},
	Pages = {43--52},
	Publisher = {Morgan Kaufmann Publishers Inc.},
	Series = {UAI'98},
	Title = {Empirical Analysis of Predictive Algorithms for Collaborative Filtering},
	Year = {1998}}

@inproceedings{Menon:2013,
	Author = {Aditya Krishna Menon and Harikrishna Narasimhan and Shivani Agarwal and Sanjay Chawla},
	Booktitle = { ICML '13 },
	Pages = {603-611},
	Title = {On the Statistical Consistency of Algorithms for Binary Classification under Class Imbalance},
	Year = {2013}}

@article{Lin:2002,
	Author = {Yi Lin and Yoonkyung Lee and Grace Wahba},
	Journal = {Machine Learning},
	Number = {1-3},
	Pages = {191--202},
	Title = {Support Vector Machines for Classification in Nonstandard Situations},
	Volume = {46},
	Year = {2002}}

@article{King:2001,
	Author = {Gary King and Langche Zeng},
	Journal = {Political Analysis},
	Number = {2},
	Pages = {137--163},
	Title = {Logistic Regression in Rare Events Data},
	Volume = {9},
	Year = {2001}}

@article{Fan:2008,
	Acmid = {1442794},
	Author = {Fan, Rong-En and Chang, Kai-Wei and Hsieh, Cho-Jui and Wang, Xiang-Rui and Lin, Chih-Jen},
	Issn = {1532-4435},
	Issue_Date = {6/1/2008},
	Journal = {Journal of Machine Learning Research},
	Month = jun,
	Numpages = {4},
	Pages = {1871--1874},
	Publisher = {JMLR.org},
	Title = {{LIBLINEAR}: A Library for Large Linear Classification},
	Volume = {9},
	Year = {2008}}

@book{Furnkranz:2010,
	Address = {New York, NY, USA},
	Author = {F\"{u}rnkranz, Johannes and H\"{u}llermeier, Eyke},
	Edition = {1st},
	Isbn = {3642141242, 9783642141249},
	Publisher = {Springer-Verlag},
	Title = {Preference Learning},
	Year = {2010}}

@phdthesis{Celma:2008,
	Address = {Barcelona},
	Author = {Celma, {\`O}scar.},
	School = {Universitat Pompeu Fabra},
	Title = {Music Recommendation and Discovery in the Long Tail},
	Year = {2008}}

@inproceedings{Srebro:2003,
	Author = {Nathan Srebro and Tommi Jaakkola},
	Booktitle = {ICML},
	Owner = {Aditya Menon},
	Pages = {720-727},
	Timestamp = {2012.10.13},
	Title = {Weighted Low-Rank Approximations},
	Year = {2003}}

@inproceedings{Koren:2008b,
	Address = {New York, NY, USA},
	Author = {Koren, Yehuda},
	Booktitle = {KDD '08},
	Isbn = {978-1-60558-193-4},
	Location = {Las Vegas, Nevada, USA},
	Owner = {Aditya Menon},
	Pages = {426--434},
	Publisher = {ACM},
	Timestamp = {2012.10.13},
	Title = {Factorization meets the neighborhood: {A} multifaceted collaborative filtering model},
	Year = {2008}}

@inproceedings{Aiolli:2012,
	Author = {Fabio Aiolli},
	Booktitle = { {ECAI} Workshop on Preference Learning: Problems and Application in {AI}},
	Date-Modified = {2015-02-12 22:57:47 +0000},
	Title = {A preliminary study on a recommender system for the {M}illion {S}ongs {D}ataset challenge},
	Year = {2012}}

@inproceedings{Mahieux:2011,
	Author = {Thierry Bertin-Mahieux and Daniel P.W. Ellis and Brian Whitman and Paul Lamere},
	Booktitle = {{ 12th International Conference on Music Information Retrieval ({ISMIR} 2011)}},
	Title = {The Million Song Dataset},
	Year = {2011}}

@article{Linden:2003,
	Address = {Piscataway, NJ, USA},
	Author = {Linden, Greg and Smith, Brent and York, Jeremy},
	Issn = {1089-7801},
	Issue_Date = {January 2003},
	Journal = {IEEE Internet Computing},
	Month = jan,
	Number = {1},
	Numpages = {5},
	Pages = {76--80},
	Publisher = {IEEE Educational Activities Department},
	Title = {Amazon.Com Recommendations: Item-to-Item Collaborative Filtering},
	Volume = {7},
	Year = {2003}}

@article{Deshpande:2004,
	Address = {New York, NY, USA},
	Author = {Deshpande, Mukund and Karypis, George},
	Issn = {1046-8188},
	Issue_Date = {January 2004},
	Journal = {ACM Transactions on Information Systems},
	Month = jan,
	Number = {1},
	Numpages = {35},
	Pages = {143--177},
	Publisher = {ACM},
	Title = {Item-based top-$N$ Recommendation Algorithms},
	Volume = {22},
	Year = {2004}}

@inproceedings{Levy:2013,
	Author = {Mark Levy and Kris Jack},
	Booktitle = {RecSys Large Scale Recommender Systems Workshop},
	Title = {Efficient Top-$N$ Recommendation by Linear Regression},
	Year = {2013}}

@inproceedings{Gantner:2012,
	Author = {Zeno Gantner and Lucas Drumond and Christoph Freudenthaler and Lars Schmidt{-}Thieme},
	Booktitle = {Proceedings of {KDD} Cup 2011 Competition},
	Date-Modified = {2015-02-12 22:56:49 +0000},
	Pages = {231--247},
	Title = {Personalized Ranking for Non-Uniformly Sampled Items},
	Year = {2012}}

@inproceedings{Lin:2014,
	Author = {Christopher H. Lin and Ece Kamar and Eric Horvitz},
	Booktitle = {AAAI},
	Pages = {908-915},
	Title = {Signals in the Silence: Models of Implicit Feedback in a Recommendation System for Crowdsourcing.},
	Year = {2014}}

@inproceedings{Ning:2011,
	Author = {Ning, X. and Karypis, G.},
	Booktitle = {{IEEE International Conference on Data Mining (ICDM)}},
	Date-Modified = {2015-02-12 22:57:27 +0000},
	Organization = {IEEE},
	Title = {{SLIM}: Sparse linear methods for top-$N$ recommender systems},
	Year = {2011}}

@inproceedings{Pan:2009,
	Acmid = {1557094},
	Address = {New York, NY, USA},
	Author = {Pan, Rong and Scholz, Martin},
	Booktitle = {KDD '09},
	Date-Modified = {2015-02-12 22:56:06 +0000},
	Isbn = {978-1-60558-495-9},
	Location = {Paris, France},
	Numpages = {10},
	Pages = {667--676},
	Publisher = {ACM},
	Title = {Mind the Gaps: Weighting the Unknown in Large-scale One-class Collaborative Filtering},
	Year = {2009}}

@inproceedings{Sarwar:2001,
	Acmid = {372071},
	Address = {New York, NY, USA},
	Author = {Sarwar, Badrul and Karypis, George and Konstan, Joseph and Riedl, John},
	Booktitle = { WWW '01 },
	Date-Modified = {2015-02-12 22:57:01 +0000},
	Isbn = {1-58113-348-0},
	Location = {Hong Kong, Hong Kong},
	Numpages = {11},
	Pages = {285--295},
	Publisher = {ACM},
	Title = {Item-based collaborative filtering recommendation algorithms},
	Year = {2001}}

@inproceedings{Herlocker:1999,
	Address = {New York, NY, USA},
	Author = {Herlocker, Jonathan L. and Konstan, Joseph A. and Borchers, Al and Riedl, John},
	Booktitle = { SIGIR '99},
	Isbn = {1-58113-096-1},
	Location = {Berkeley, California, United States},
	Numpages = {8},
	Pages = {230--237},
	Publisher = {ACM},
	Title = {An algorithmic framework for performing collaborative filtering},
	Year = {1999}}

@inproceedings{Resnick:1994,
	Acmid = {192905},
	Address = {New York, NY, USA},
	Author = {Resnick, Paul and Iacovou, Neophytos and Suchak, Mitesh and Bergstrom, Peter and Riedl, John},
	Booktitle = { ACM conference on Computer supported cooperative work (CSCW) },
	Isbn = {0-89791-689-1},
	Location = {Chapel Hill, North Carolina, United States},
	Numpages = {12},
	Pages = {175--186},
	Publisher = {ACM},
	Series = {CSCW '94},
	Title = {Group{L}ens: an open architecture for collaborative filtering of netnews},
	Year = {1994}}

@article{Goldberg:1992,
	Acmid = {138867},
	Address = {New York, NY, USA},
	Author = {Goldberg, David and Nichols, David and Oki, Brian M. and Terry, Douglas},
	Issn = {0001-0782},
	Issue_Date = {Dec. 1992},
	Journal = {Communications of the ACM},
	Keywords = {information filtering, tapestry},
	Month = dec,
	Number = {12},
	Numpages = {10},
	Pages = {61--70},
	Publisher = {ACM},
	Title = {Using collaborative filtering to weave an information tapestry},
	Volume = {35},
	Year = {1992}}

@inproceedings{Pan:2008,
	Address = {Washington, DC, USA},
	Author = {Pan, Rong and Zhou, Yunhong and Cao, Bin and Liu, Nathan N. and Lukose, Rajan and Scholz, Martin and Yang, Qiang},
	Booktitle = {IEEE International Conference on Data Mining (ICDM)},
	Date-Modified = {2015-02-12 22:56:20 +0000},
	Isbn = {978-0-7695-3502-9},
	Numpages = {10},
	Owner = {Aditya Menon},
	Pages = {502--511},
	Publisher = {IEEE Computer Society},
	Timestamp = {2012.10.13},
	Title = {One-Class Collaborative Filtering},
	Year = {2008}}

@inproceedings{Ruslan:2007b,
	Author = {Ruslan Salakhutdinov and Andriy Mnih},
	Booktitle = {NIPS '07},
	Owner = {Aditya Menon},
	Timestamp = {2012.10.13},
	Title = {Probabilistic Matrix Factorization},
	Year = {2007}}

@inproceedings{Ruslan:2007a,
	Address = {New York, NY, USA},
	Author = {Salakhutdinov, Ruslan and Mnih, Andriy and Hinton, Geoff},
	Booktitle = {ICML '07},
	Isbn = {978-1-59593-793-3},
	Location = {Corvalis, Oregon},
	Owner = {Aditya Menon},
	Pages = {791--798},
	Publisher = {ACM},
	Timestamp = {2012.10.13},
	Title = {Restricted {B}oltzmann machines for collaborative filtering},
	Year = {2007}}

@article{Koren:2009,
	Address = {Los Alamitos, CA, USA},
	Author = {Koren, Yehuda and Bell, Robert and Volinsky, Chris},
	Issn = {0018-9162},
	Journal = {Computer},
	Number = {8},
	Owner = {Aditya Menon},
	Pages = {30--37},
	Publisher = {IEEE Computer Society Press},
	Timestamp = {2012.10.13},
	Title = {Matrix Factorization Techniques for Recommender Systems},
	Volume = {42},
	Year = {2009}}

@inproceedings{Hu:2008,
	Address = {Washington, DC, USA},
	Author = {Hu, Yifan and Koren, Yehuda and Volinsky, Chris},
	Booktitle = {ICDM '08},
	Date-Modified = {2015-02-10 04:00:34 +0000},
	Isbn = {978-0-7695-3502-9},
	Owner = {Aditya Menon},
	Pages = {263--272},
	Publisher = {IEEE Computer Society},
	Timestamp = {2012.10.13},
	Title = {Collaborative Filtering for Implicit Feedback Datasets},
	Year = {2008}}

@inproceedings{Rendle:2009,
	Acmid = {1795167},
	Address = {Arlington, Virginia, United States},
	Author = {Rendle, Steffen and Freudenthaler, Christoph and Gantner, Zeno and Schmidt-Thieme Lars},
	Booktitle = { Uncertainty in Artificial Intelligence (UAI) },
	Date-Modified = {2015-02-10 04:00:27 +0000},
	Location = {Montreal, Quebec, Canada},
	Numpages = {10},
	Owner = {Aditya Menon},
	Pages = {452--461},
	Publisher = {AUAI Press},
	Timestamp = {2012.10.13},
	Title = {{BPR}: Bayesian personalized ranking from implicit feedback},
	Year = {2009}
}

@inproceedings{Zaharia:2010,
 author = {Zaharia, Matei and Chowdhury, Mosharaf and Franklin, Michael J. and Shenker, Scott and Stoica, Ion},
 title = {Spark: Cluster Computing with Working Sets},
 booktitle = {Proceedings of the 2Nd USENIX Conference on Hot Topics in Cloud Computing},
 series = {HotCloud'10},
 year = {2010},
 location = {Boston, MA},
 pages = {10--10},
 numpages = {1},
 url = {http://dl.acm.org/citation.cfm?id=1863103.1863113},
 acmid = {1863113},
 publisher = {USENIX Association},
 address = {Berkeley, CA, USA},
}

@inproceedings{Tang:2013,
  title={Scaling matrix factorization for recommendation with randomness},
  author={Tang, Lei and Harrington, Patrick},
  booktitle={Proceedings of the 22nd international conference on World Wide Web companion},
  pages={39--40},
  year={2013},
  organization={International World Wide Web Conferences Steering Committee}
}

@article{halko2011,
  title={Finding structure with randomness: Probabilistic algorithms for constructing approximate matrix decompositions},
  author={Halko, Nathan and Martinsson, Per-Gunnar and Tropp, Joel A},
  journal={SIAM review},
  volume={53},
  number={2},
  pages={217--288},
  year={2011},
  publisher={SIAM}
}

@inproceedings{explainabiltyVIG2009,
 author = {Vig, Jesse and Sen, Shilad and Riedl, John},
 title = {Tagsplanations: Explaining Recommendations Using Tags},
 booktitle = {Proceedings of the 14th International Conference on Intelligent User Interfaces},
 series = {IUI '09},
 year = {2009},
 isbn = {978-1-60558-168-2},
 location = {Sanibel Island, Florida, USA},
 pages = {47--56},
 numpages = {10},
 url = {http://doi.acm.org/10.1145/1502650.1502661},
 doi = {10.1145/1502650.1502661},
 acmid = {1502661},
 publisher = {ACM},
 address = {New York, NY, USA},
 keywords = {explanations, recommender systems, tagging},
}

@article{Voronin:GPURSVD,
  title={RSVDPACK: Subroutines for computing partial singular value decompositions via randomized sampling on single core, multi core, and {GPU} architectures},
  author={Voronin, Sergey and Martinsson, Per-Gunnar},
  journal={arXiv preprint arXiv:1502.05366},
  year={2015}
}

@article{Sedhain:2016,
  title={On the Effectiveness of Linear Models for One-Class Collaborative Filtering.},
  author={Sedhain, Suvash and Menon, Aditya and Sanner, Scott and Braziunas, Darius},
  journal={Proceedings of the 30th Conference on Artificial Intelligence (AAAI-16)},
  year={2016}
}

@inproceedings{Sedhain:2015,
 author = {Sedhain, Suvash and Menon, Aditya Krishna and Sanner, Scott and Xie, Lexing},
 title = {AutoRec: Autoencoders Meet Collaborative Filtering},
 booktitle = {Proceedings of the 24th International Conference on World Wide Web},
 series = {WWW '15 Companion},
 year = {2015},
}

@article{Leavitt:2006,
 author = {Leavitt, Neal},
 title = {Recommendation Technology: Will It Boost E-Commerce?},
 journal = {Computer},
 issue_date = {May 2006},
 volume = {39},
 number = {5},
 month = may,
 year = {2006},
 issn = {0018-9162},
 pages = {13--16},
 numpages = {4},
 url = {http://dx.doi.org/10.1109/MC.2006.176},
 doi = {10.1109/MC.2006.176},
 acmid = {1137285},
 publisher = {IEEE Computer Society Press},
 address = {Los Alamitos, CA, USA},
 keywords = {E-commerce, Recommendation technology, Recommendation technology, E-commerce},
}
